<?xml version="1.0" encoding="UTF-8"?><record xmlns="http://www.loc.gov/MARC21/slim" xmlns:cinclude="http://apache.org/cocoon/include/1.0" xmlns:zs="http://www.loc.gov/zing/srw/">
  <leader>00390cz  a2200121n  4500</leader>
  <controlfield tag="001">n  00000486 </controlfield>
  <controlfield tag="003">DLC</controlfield>
  <controlfield tag="005">20000127110005.0</controlfield>
  <controlfield tag="008">000121n| acannaabn          |n aaa      </controlfield>
  <datafield tag="010" ind1=" " ind2=" ">
    <subfield code="a">n  00000486 </subfield>
  </datafield>
  <datafield tag="040" ind1=" " ind2=" ">
    <subfield code="a">DLC</subfield>
    <subfield code="b">eng</subfield>
    <subfield code="c">DLC</subfield>
    <subfield code="d">DLC</subfield>
  </datafield>
  <datafield tag="100" ind1="1" ind2=" ">
    <subfield code="a">Schwikowski, Benno</subfield>
  </datafield>
  <datafield tag="670" ind1=" " ind2=" ">
    <subfield code="a">A new algorithmic approach to the construction of multiple alignments and evolutionary trees, 1998:</subfield>
    <subfield code="b">t.p. (Benno Schwikowski)</subfield>
  </datafield>
</record>